[gd_scene load_steps=13 format=3 uid="uid://bahj6jwst2fgp"]

[ext_resource type="Script" path="res://Boss.gd" id="1_ugspd"]
[ext_resource type="Texture2D" uid="uid://blcljemnofsiv" path="res://Sprites/Player.png" id="2_djedo"]
[ext_resource type="Texture2D" uid="uid://dacmi80i4eals" path="res://Sprites/HealthbarUnder.png" id="3_1tt1v"]
[ext_resource type="Texture2D" uid="uid://bw4u220cordxx" path="res://Sprites/HealthbarOver.png" id="4_fmjoa"]
[ext_resource type="Texture2D" uid="uid://ddpy4s3qxgihk" path="res://Sprites/HealthbarProgress.png" id="5_lbtjg"]
[ext_resource type="Texture2D" uid="uid://br58qidnafjas" path="res://Sprites/Select.png" id="6_41qpp"]
[ext_resource type="Texture2D" uid="uid://ccrb514tsbtlx" path="res://Sprites/EnergyToken.png" id="7_to536"]
[ext_resource type="Texture2D" uid="uid://xoi5jf0u5mk5" path="res://Sprites/new block.png" id="7_wb0nl"]
[ext_resource type="Texture2D" uid="uid://y4gdbd7fkjbu" path="res://Sprites/new poison.png" id="9_eeb2n"]
[ext_resource type="Texture2D" uid="uid://1076y3mgtdqt" path="res://Sprites/new blood.png" id="10_nillh"]
[ext_resource type="Texture2D" uid="uid://l1roew628vbg" path="res://Sprites/new dodge.png" id="11_m3kgy"]

[sub_resource type="RectangleShape2D" id="RectangleShape2D_7i65x"]
size = Vector2(162, 233)

[node name="Enemy" type="RigidBody2D"]
position = Vector2(0, -35)
input_pickable = true
mass = 0.01
gravity_scale = 0.0
sleeping = true
script = ExtResource("1_ugspd")

[node name="TextureRect" type="TextureRect" parent="."]
offset_left = 885.0
offset_top = 60.0
offset_right = 1047.0
offset_bottom = 293.0
texture = ExtResource("2_djedo")
expand_mode = 1

[node name="HealthBar" type="TextureProgressBar" parent="."]
offset_left = 872.0
offset_top = 303.0
offset_right = 1072.0
offset_bottom = 330.0
texture_under = ExtResource("3_1tt1v")
texture_over = ExtResource("4_fmjoa")
texture_progress = ExtResource("5_lbtjg")

[node name="HealthText" type="Label" parent="HealthBar"]
layout_mode = 0
offset_left = 72.0
offset_top = -3.0
offset_right = 124.0
offset_bottom = 23.0
theme_override_colors/font_color = Color(0.345098, 0, 0, 1)
text = "5/10"

[node name="Select" type="TextureRect" parent="."]
visible = false
offset_left = 882.0
offset_top = 58.0
offset_right = 1050.0
offset_bottom = 295.0
texture = ExtResource("6_41qpp")
expand_mode = 4

[node name="CollisionShape2D" type="CollisionShape2D" parent="."]
position = Vector2(966, 176.5)
shape = SubResource("RectangleShape2D_7i65x")
one_way_collision = true

[node name="BlockNode" type="TextureRect" parent="."]
visible = false
offset_left = 1044.0
offset_top = 299.0
offset_right = 1074.0
offset_bottom = 326.0
texture = ExtResource("7_wb0nl")
expand_mode = 1

[node name="BlockText" type="Label" parent="BlockNode"]
layout_mode = 0
offset_left = -6.0
offset_top = 1.0
offset_right = 34.0
offset_bottom = 27.0
theme_override_colors/font_color = Color(0, 0, 0, 1)
horizontal_alignment = 1

[node name="Fire" type="TextureRect" parent="."]
visible = false
offset_left = 874.0
offset_top = 324.0
offset_right = 904.0
offset_bottom = 354.0
texture = ExtResource("7_to536")
expand_mode = 1

[node name="FireDamageText" type="Label" parent="Fire"]
layout_mode = 0
offset_left = -5.0
offset_top = 3.0
offset_right = 35.0
offset_bottom = 29.0
theme_override_colors/font_color = Color(0, 0, 0, 1)
text = "1"
horizontal_alignment = 1

[node name="FireDurationText" type="Label" parent="Fire"]
layout_mode = 0
offset_left = 4.0
offset_top = 12.0
offset_right = 44.0
offset_bottom = 38.0
theme_override_colors/font_color = Color(0, 0, 0, 1)
text = "1"
horizontal_alignment = 1

[node name="Poison" type="TextureRect" parent="."]
visible = false
offset_left = 919.0
offset_top = 324.0
offset_right = 949.0
offset_bottom = 354.0
texture = ExtResource("9_eeb2n")
expand_mode = 1

[node name="PoisonDamageText" type="Label" parent="Poison"]
layout_mode = 0
offset_left = -5.0
offset_top = 3.0
offset_right = 35.0
offset_bottom = 29.0
theme_override_colors/font_color = Color(0, 0, 0, 1)
text = "1"
horizontal_alignment = 1

[node name="PoisonDurationText" type="Label" parent="Poison"]
layout_mode = 0
offset_left = 6.0
offset_top = 12.0
offset_right = 46.0
offset_bottom = 38.0
theme_override_colors/font_color = Color(0, 0, 0, 1)
text = "1"
horizontal_alignment = 1

[node name="Bleed" type="TextureRect" parent="."]
visible = false
offset_left = 964.0
offset_top = 325.0
offset_right = 994.0
offset_bottom = 355.0
texture = ExtResource("10_nillh")
expand_mode = 1

[node name="BleedDamageText" type="Label" parent="Bleed"]
layout_mode = 0
offset_left = -5.0
offset_top = 3.0
offset_right = 35.0
offset_bottom = 29.0
theme_override_colors/font_color = Color(0, 0, 0, 1)
text = "1"
horizontal_alignment = 1

[node name="BleedDurationText" type="Label" parent="Bleed"]
layout_mode = 0
offset_left = 6.0
offset_top = 11.0
offset_right = 46.0
offset_bottom = 37.0
theme_override_colors/font_color = Color(0, 0, 0, 1)
text = "1"
horizontal_alignment = 1

[node name="IntentNode" type="TextureRect" parent="."]
offset_left = 945.0
offset_top = 23.0
offset_right = 983.0
offset_bottom = 66.0
texture = ExtResource("7_to536")
expand_mode = 1
stretch_mode = 4

[node name="IntentText" type="Label" parent="IntentNode"]
layout_mode = 0
offset_top = -1.0
offset_right = 40.0
offset_bottom = 39.0
theme_override_colors/font_color = Color(0, 0, 0, 1)
text = "?"
horizontal_alignment = 1
vertical_alignment = 1

[node name="Dodge" type="TextureRect" parent="."]
visible = false
offset_left = 1039.0
offset_top = 290.0
offset_right = 1079.0
offset_bottom = 330.0
texture = ExtResource("11_m3kgy")
expand_mode = 3

[node name="DodgeText" type="Label" parent="Dodge"]
layout_mode = 0
offset_left = 2.0
offset_top = 9.0
offset_right = 42.0
offset_bottom = 35.0
theme_override_colors/font_color = Color(0, 0, 0, 1)
text = "1"
horizontal_alignment = 1
