[gd_scene load_steps=17 format=3 uid="uid://c03sst43qeaxk"]

[ext_resource type="Script" path="res://GUI.gd" id="1_i3pmf"]
[ext_resource type="Texture2D" uid="uid://ccrb514tsbtlx" path="res://Sprites/EnergyToken.png" id="2_1fvog"]
[ext_resource type="Texture2D" uid="uid://cptvtdup8h04b" path="res://Sprites/Box (1).png" id="2_im6ku"]
[ext_resource type="Script" path="res://DragAndDrop.gd" id="3_dxydr"]
[ext_resource type="Texture2D" uid="uid://bwcbt54qppr5d" path="res://Sprites/neutral card.png" id="4_rs7pq"]
[ext_resource type="Script" path="res://Player.gd" id="5_re2a4"]
[ext_resource type="Texture2D" uid="uid://dacmi80i4eals" path="res://Sprites/HealthbarUnder.png" id="7_4e1pi"]
[ext_resource type="Texture2D" uid="uid://bw4u220cordxx" path="res://Sprites/HealthbarOver.png" id="7_vyxxm"]
[ext_resource type="Texture2D" uid="uid://ddpy4s3qxgihk" path="res://Sprites/HealthbarProgress.png" id="7_xsiry"]
[ext_resource type="Texture2D" uid="uid://xoi5jf0u5mk5" path="res://Sprites/new block.png" id="9_oyfmj"]
[ext_resource type="Texture2D" uid="uid://l1roew628vbg" path="res://Sprites/new dodge.png" id="10_lgsyc"]
[ext_resource type="Texture2D" uid="uid://cbe1in5e4kbwf" path="res://Sprites/new orb.png" id="11_8qyda"]
[ext_resource type="Texture2D" uid="uid://c34wad65w62nt" path="res://Sprites/base Character.png" id="11_hasgb"]
[ext_resource type="Script" path="res://Enemies.gd" id="12_xdiyd"]
[ext_resource type="Texture2D" uid="uid://22jjwvu7tl73" path="res://Sprites/starting zone.png" id="15_8pnpf"]

[sub_resource type="RectangleShape2D" id="RectangleShape2D_4cyef"]
size = Vector2(227.143, 277.143)

[node name="GUI" type="Node2D"]
script = ExtResource("1_i3pmf")

[node name="Background" type="TextureRect" parent="."]
z_as_relative = false
offset_right = 1152.0
offset_bottom = 648.0
texture = ExtResource("15_8pnpf")
expand_mode = 1
stretch_mode = 4

[node name="Deck" type="TextureRect" parent="."]
offset_left = 6.00001
offset_top = 470.0
offset_right = 246.0
offset_bottom = 758.0
rotation = -0.296706
scale = Vector2(0.6, 0.6)
texture = ExtResource("2_im6ku")

[node name="Label" type="Label" parent="Deck"]
layout_mode = 0
offset_left = 59.4493
offset_top = 79.1743
offset_right = 209.449
offset_bottom = 146.174
rotation = 0.296706
theme_override_font_sizes/font_size = 46
text = "Deck"
horizontal_alignment = 1
vertical_alignment = 1

[node name="Energy" type="TextureRect" parent="."]
offset_left = 22.0
offset_top = 340.0
offset_right = 108.0
offset_bottom = 426.0
texture = ExtResource("2_1fvog")
expand_mode = 1

[node name="EnergyText" type="Label" parent="Energy"]
layout_mode = 0
offset_left = 5.0
offset_top = 12.0
offset_right = 82.0
offset_bottom = 74.0
theme_override_colors/font_color = Color(1, 0, 0, 1)
theme_override_font_sizes/font_size = 24
text = "3 / 3"
horizontal_alignment = 1
vertical_alignment = 1

[node name="Player" type="Node2D" parent="."]
script = ExtResource("5_re2a4")

[node name="TextureRect" type="TextureRect" parent="Player"]
offset_left = 92.0
offset_top = 76.0
offset_right = 305.0
offset_bottom = 309.0
texture = ExtResource("11_hasgb")
expand_mode = 1
stretch_mode = 4

[node name="HealthBar" type="TextureProgressBar" parent="Player"]
offset_left = 85.0
offset_top = 316.0
offset_right = 285.0
offset_bottom = 343.0
texture_under = ExtResource("7_4e1pi")
texture_over = ExtResource("7_vyxxm")
texture_progress = ExtResource("7_xsiry")

[node name="HealthText" type="Label" parent="Player/HealthBar"]
layout_mode = 0
offset_left = 72.0
offset_top = -3.0
offset_right = 124.0
offset_bottom = 23.0
theme_override_colors/font_color = Color(0.345098, 0, 0, 1)
text = "80/100"

[node name="Block" type="TextureRect" parent="Player"]
visible = false
offset_left = 246.0
offset_top = 310.0
offset_right = 282.0
offset_bottom = 344.0
texture = ExtResource("9_oyfmj")
expand_mode = 1

[node name="BlockText" type="Label" parent="Player/Block"]
layout_mode = 0
offset_left = -10.0
offset_top = 7.0
offset_right = 48.0
offset_bottom = 46.0
theme_override_colors/font_color = Color(0, 0, 0, 1)
horizontal_alignment = 1

[node name="Dodge" type="TextureRect" parent="Player"]
visible = false
offset_left = 83.0
offset_top = 308.0
offset_right = 119.0
offset_bottom = 342.0
texture = ExtResource("10_lgsyc")
expand_mode = 1

[node name="DodgeText" type="Label" parent="Player/Dodge"]
layout_mode = 0
offset_left = -10.0
offset_top = 7.0
offset_right = 48.0
offset_bottom = 46.0
theme_override_colors/font_color = Color(0, 0, 0, 1)
horizontal_alignment = 1

[node name="Orb" type="TextureRect" parent="Player"]
visible = false
modulate = Color(0, 1, 1, 1)
offset_left = 114.0
offset_top = 93.0
offset_right = 150.0
offset_bottom = 127.0
texture = ExtResource("11_8qyda")
expand_mode = 1

[node name="OrbText" type="Label" parent="Player/Orb"]
layout_mode = 0
offset_left = -10.0
offset_top = 7.0
offset_right = 48.0
offset_bottom = 46.0
theme_override_colors/font_color = Color(0, 0, 0, 1)
horizontal_alignment = 1

[node name="Enemies" type="Node2D" parent="."]
script = ExtResource("12_xdiyd")

[node name="HandDisplay" type="Node2D" parent="."]

[node name="KinematicBody1" type="RigidBody2D" parent="HandDisplay"]
position = Vector2(220, 436)
input_pickable = true
gravity_scale = 0.0
freeze_mode = 1
script = ExtResource("3_dxydr")

[node name="Card1" type="TextureRect" parent="HandDisplay/KinematicBody1"]
anchors_preset = 15
anchor_right = 1.0
anchor_bottom = 1.0
offset_right = 240.0
offset_bottom = 288.0
grow_horizontal = 2
grow_vertical = 2
scale = Vector2(0.7, 0.7)
size_flags_horizontal = 6
size_flags_vertical = 6
size_flags_stretch_ratio = 8.45
texture = ExtResource("4_rs7pq")
expand_mode = 1

[node name="EnergyCost" type="TextureRect" parent="HandDisplay/KinematicBody1/Card1"]
layout_mode = 0
offset_left = -15.7144
offset_top = -15.7142
offset_right = 112.286
offset_bottom = 112.286
scale = Vector2(0.4, 0.4)
texture = ExtResource("2_1fvog")

[node name="EnergyNumber" type="Label" parent="HandDisplay/KinematicBody1/Card1/EnergyCost"]
layout_mode = 0
offset_left = 0.00012207
offset_top = -14.2859
offset_right = 22.0001
offset_bottom = 11.7141
scale = Vector2(6, 6)
theme_override_colors/font_color = Color(0.984314, 0, 0.341176, 1)
text = "1"
horizontal_alignment = 1
vertical_alignment = 1

[node name="Picture" type="TextureRect" parent="HandDisplay/KinematicBody1/Card1"]
layout_mode = 0
offset_left = 13.0
offset_top = 37.0
offset_right = 210.0
offset_bottom = 140.0
texture = ExtResource("2_im6ku")
expand_mode = 1

[node name="Name" type="Label" parent="HandDisplay/KinematicBody1/Card1"]
layout_mode = 0
offset_left = 19.0
offset_top = 4.0
offset_right = 224.0
offset_bottom = 41.0
theme_override_colors/font_color = Color(0, 0, 0, 1)
theme_override_font_sizes/font_size = 24
text = "Card Name"
horizontal_alignment = 1

[node name="Desc" type="Label" parent="HandDisplay/KinematicBody1/Card1"]
layout_mode = 0
offset_left = 17.0
offset_top = 157.0
offset_right = 210.0
offset_bottom = 263.0
text = "Description"
horizontal_alignment = 1
vertical_alignment = 1
autowrap_mode = 3

[node name="CollisionShape2D" type="CollisionShape2D" parent="HandDisplay/KinematicBody1"]
position = Vector2(84, 101)
scale = Vector2(0.7, 0.7)
shape = SubResource("RectangleShape2D_4cyef")

[node name="KinematicBody2" type="RigidBody2D" parent="HandDisplay"]
position = Vector2(407, 437)
collision_layer = 2
collision_mask = 2
input_pickable = true
gravity_scale = 0.0
freeze_mode = 1
script = ExtResource("3_dxydr")

[node name="Card2" type="TextureRect" parent="HandDisplay/KinematicBody2"]
anchors_preset = 15
anchor_right = 1.0
anchor_bottom = 1.0
offset_right = 240.0
offset_bottom = 288.0
grow_horizontal = 2
grow_vertical = 2
scale = Vector2(0.7, 0.7)
size_flags_horizontal = 6
size_flags_vertical = 6
size_flags_stretch_ratio = 8.45
texture = ExtResource("4_rs7pq")
expand_mode = 1

[node name="EnergyCost" type="TextureRect" parent="HandDisplay/KinematicBody2/Card2"]
layout_mode = 0
offset_left = -15.7144
offset_top = -15.7142
offset_right = 112.286
offset_bottom = 112.286
scale = Vector2(0.4, 0.4)
texture = ExtResource("2_1fvog")

[node name="EnergyNumber" type="Label" parent="HandDisplay/KinematicBody2/Card2/EnergyCost"]
layout_mode = 0
offset_left = 0.00012207
offset_top = -14.2859
offset_right = 22.0001
offset_bottom = 11.7141
scale = Vector2(6, 6)
theme_override_colors/font_color = Color(0.984314, 0, 0.341176, 1)
text = "1"
horizontal_alignment = 1
vertical_alignment = 1

[node name="Picture" type="TextureRect" parent="HandDisplay/KinematicBody2/Card2"]
layout_mode = 0
offset_left = 13.0
offset_top = 34.0
offset_right = 213.0
offset_bottom = 143.0
texture = ExtResource("2_im6ku")
expand_mode = 1

[node name="Name" type="Label" parent="HandDisplay/KinematicBody2/Card2"]
layout_mode = 0
offset_left = 19.0
offset_top = 4.0
offset_right = 219.0
offset_bottom = 41.0
theme_override_colors/font_color = Color(0, 0, 0, 1)
theme_override_font_sizes/font_size = 24
text = "Card Name"
horizontal_alignment = 1

[node name="Desc" type="Label" parent="HandDisplay/KinematicBody2/Card2"]
layout_mode = 0
offset_left = 17.0
offset_top = 157.0
offset_right = 206.0
offset_bottom = 259.0
text = "Description"
horizontal_alignment = 1
vertical_alignment = 1
autowrap_mode = 3

[node name="CollisionShape2D" type="CollisionShape2D" parent="HandDisplay/KinematicBody2"]
position = Vector2(84, 100)
scale = Vector2(0.7, 0.7)
shape = SubResource("RectangleShape2D_4cyef")

[node name="KinematicBody3" type="RigidBody2D" parent="HandDisplay"]
position = Vector2(590, 436)
collision_layer = 4
collision_mask = 4
input_pickable = true
gravity_scale = 0.0
freeze_mode = 1
script = ExtResource("3_dxydr")

[node name="Card3" type="TextureRect" parent="HandDisplay/KinematicBody3"]
anchors_preset = 15
anchor_right = 1.0
anchor_bottom = 1.0
offset_right = 240.0
offset_bottom = 288.0
grow_horizontal = 2
grow_vertical = 2
scale = Vector2(0.7, 0.7)
size_flags_horizontal = 6
size_flags_vertical = 6
size_flags_stretch_ratio = 8.45
texture = ExtResource("4_rs7pq")
expand_mode = 1

[node name="EnergyCost" type="TextureRect" parent="HandDisplay/KinematicBody3/Card3"]
layout_mode = 0
offset_left = -15.7144
offset_top = -15.7142
offset_right = 112.286
offset_bottom = 112.286
scale = Vector2(0.4, 0.4)
texture = ExtResource("2_1fvog")

[node name="EnergyNumber" type="Label" parent="HandDisplay/KinematicBody3/Card3/EnergyCost"]
layout_mode = 0
offset_left = 0.00012207
offset_top = -14.2859
offset_right = 22.0001
offset_bottom = 11.7141
scale = Vector2(6, 6)
theme_override_colors/font_color = Color(0.984314, 0, 0.341176, 1)
text = "1"
horizontal_alignment = 1
vertical_alignment = 1

[node name="Picture" type="TextureRect" parent="HandDisplay/KinematicBody3/Card3"]
layout_mode = 0
offset_left = 13.0
offset_top = 34.0
offset_right = 211.0
offset_bottom = 141.0
texture = ExtResource("2_im6ku")
expand_mode = 1

[node name="Name" type="Label" parent="HandDisplay/KinematicBody3/Card3"]
layout_mode = 0
offset_left = 19.0
offset_top = 3.0
offset_right = 222.0
offset_bottom = 40.0
theme_override_colors/font_color = Color(0, 0, 0, 1)
theme_override_font_sizes/font_size = 24
text = "Card Name"
horizontal_alignment = 1

[node name="Desc" type="Label" parent="HandDisplay/KinematicBody3/Card3"]
layout_mode = 0
offset_left = 17.0
offset_top = 157.0
offset_right = 206.0
offset_bottom = 259.0
text = "Description"
horizontal_alignment = 1
vertical_alignment = 1
autowrap_mode = 3

[node name="CollisionShape2D" type="CollisionShape2D" parent="HandDisplay/KinematicBody3"]
position = Vector2(84, 100)
scale = Vector2(0.7, 0.7)
shape = SubResource("RectangleShape2D_4cyef")

[node name="KinematicBody4" type="RigidBody2D" parent="HandDisplay"]
position = Vector2(775, 435)
collision_layer = 8
collision_mask = 8
input_pickable = true
gravity_scale = 0.0
freeze_mode = 1
script = ExtResource("3_dxydr")

[node name="Card4" type="TextureRect" parent="HandDisplay/KinematicBody4"]
anchors_preset = 15
anchor_right = 1.0
anchor_bottom = 1.0
offset_right = 240.0
offset_bottom = 288.0
grow_horizontal = 2
grow_vertical = 2
scale = Vector2(0.7, 0.7)
size_flags_horizontal = 6
size_flags_vertical = 6
size_flags_stretch_ratio = 8.45
texture = ExtResource("4_rs7pq")
expand_mode = 1

[node name="EnergyCost" type="TextureRect" parent="HandDisplay/KinematicBody4/Card4"]
layout_mode = 0
offset_left = -15.7144
offset_top = -15.7142
offset_right = 112.286
offset_bottom = 112.286
scale = Vector2(0.4, 0.4)
texture = ExtResource("2_1fvog")

[node name="EnergyNumber" type="Label" parent="HandDisplay/KinematicBody4/Card4/EnergyCost"]
layout_mode = 0
offset_left = 0.00012207
offset_top = -14.2859
offset_right = 22.0001
offset_bottom = 11.7141
scale = Vector2(6, 6)
theme_override_colors/font_color = Color(0.984314, 0, 0.341176, 1)
text = "1"
horizontal_alignment = 1
vertical_alignment = 1

[node name="Picture" type="TextureRect" parent="HandDisplay/KinematicBody4/Card4"]
layout_mode = 0
offset_left = 13.0
offset_top = 34.0
offset_right = 214.0
offset_bottom = 139.0
texture = ExtResource("2_im6ku")
expand_mode = 1

[node name="Name" type="Label" parent="HandDisplay/KinematicBody4/Card4"]
layout_mode = 0
offset_left = 19.0
offset_top = 3.0
offset_right = 218.0
offset_bottom = 40.0
theme_override_colors/font_color = Color(0, 0, 0, 1)
theme_override_font_sizes/font_size = 24
text = "Card Name"
horizontal_alignment = 1

[node name="Desc" type="Label" parent="HandDisplay/KinematicBody4/Card4"]
layout_mode = 0
offset_left = 17.0
offset_top = 157.0
offset_right = 206.0
offset_bottom = 257.0
text = "Description"
horizontal_alignment = 1
vertical_alignment = 1
autowrap_mode = 3

[node name="CollisionShape2D" type="CollisionShape2D" parent="HandDisplay/KinematicBody4"]
position = Vector2(84, 102)
scale = Vector2(0.7, 0.7)
shape = SubResource("RectangleShape2D_4cyef")

[node name="KinematicBody5" type="RigidBody2D" parent="HandDisplay"]
position = Vector2(960, 435)
collision_layer = 16
collision_mask = 16
input_pickable = true
gravity_scale = 0.0
freeze_mode = 1
script = ExtResource("3_dxydr")

[node name="Card5" type="TextureRect" parent="HandDisplay/KinematicBody5"]
anchors_preset = 15
anchor_right = 1.0
anchor_bottom = 1.0
offset_right = 240.0
offset_bottom = 288.0
grow_horizontal = 2
grow_vertical = 2
scale = Vector2(0.7, 0.7)
size_flags_horizontal = 6
size_flags_vertical = 6
size_flags_stretch_ratio = 8.45
texture = ExtResource("4_rs7pq")
expand_mode = 1

[node name="EnergyCost" type="TextureRect" parent="HandDisplay/KinematicBody5/Card5"]
layout_mode = 0
offset_left = -15.7144
offset_top = -15.7142
offset_right = 112.286
offset_bottom = 112.286
scale = Vector2(0.4, 0.4)
texture = ExtResource("2_1fvog")

[node name="EnergyNumber" type="Label" parent="HandDisplay/KinematicBody5/Card5/EnergyCost"]
layout_mode = 0
offset_left = 0.00012207
offset_top = -14.2859
offset_right = 22.0001
offset_bottom = 11.7141
scale = Vector2(6, 6)
theme_override_colors/font_color = Color(0.984314, 0, 0.341176, 1)
text = "1"
horizontal_alignment = 1
vertical_alignment = 1

[node name="Picture" type="TextureRect" parent="HandDisplay/KinematicBody5/Card5"]
layout_mode = 0
offset_left = 13.0
offset_top = 34.0
offset_right = 213.0
offset_bottom = 140.0
texture = ExtResource("2_im6ku")
expand_mode = 1

[node name="Name" type="Label" parent="HandDisplay/KinematicBody5/Card5"]
layout_mode = 0
offset_left = 19.0
offset_top = 3.0
offset_right = 218.0
offset_bottom = 40.0
theme_override_colors/font_color = Color(0, 0, 0, 1)
theme_override_font_sizes/font_size = 24
text = "Card Name"
horizontal_alignment = 1

[node name="Desc" type="Label" parent="HandDisplay/KinematicBody5/Card5"]
layout_mode = 0
offset_left = 17.0
offset_top = 157.0
offset_right = 207.0
offset_bottom = 260.0
text = "Description"
horizontal_alignment = 1
vertical_alignment = 1
autowrap_mode = 3

[node name="CollisionShape2D" type="CollisionShape2D" parent="HandDisplay/KinematicBody5"]
position = Vector2(85, 100)
scale = Vector2(0.7, 0.7)
shape = SubResource("RectangleShape2D_4cyef")

[node name="EndTurnButton" type="Button" parent="."]
offset_left = 889.0
offset_top = 364.0
offset_right = 1038.0
offset_bottom = 407.0
text = "End Turn"

[node name="DieText" type="Label" parent="."]
visible = false
offset_left = 209.0
offset_top = 103.0
offset_right = 1032.0
offset_bottom = 325.0
theme_override_colors/font_color = Color(1, 0, 0, 1)
theme_override_colors/font_shadow_color = Color(0, 0, 0, 1)
theme_override_constants/shadow_offset_x = 10
theme_override_font_sizes/font_size = 150
text = "YOU DIED"

[node name="DeathButton" type="Button" parent="DieText"]
self_modulate = Color(1, 1, 1, 0)
layout_mode = 0
offset_left = -211.0
offset_top = -102.0
offset_right = 948.0
offset_bottom = 550.0

[connection signal="input_event" from="HandDisplay/KinematicBody1" to="HandDisplay/KinematicBody1" method="_on_KinematicBody2D_input_event"]
[connection signal="input_event" from="HandDisplay/KinematicBody2" to="HandDisplay/KinematicBody2" method="_on_KinematicBody2D_input_event"]
[connection signal="input_event" from="HandDisplay/KinematicBody3" to="HandDisplay/KinematicBody3" method="_on_KinematicBody2D_input_event"]
[connection signal="input_event" from="HandDisplay/KinematicBody4" to="HandDisplay/KinematicBody4" method="_on_KinematicBody2D_input_event"]
[connection signal="input_event" from="HandDisplay/KinematicBody5" to="HandDisplay/KinematicBody5" method="_on_KinematicBody2D_input_event"]
[connection signal="pressed" from="DieText/DeathButton" to="." method="_on_death_button_pressed"]
